
@book{_test_????,
	title = {Test}
}

@book{gackenheimer_introduction_2015,
	location = {New York},
	title = {Introduction to React},
	isbn = {978-1-4842-1246-2},
	series = {The expert's voice in web development},
	pagetotal = {129},
	publisher = {Apress},
	author = {Gackenheimer, Cory},
	date = {2015},
	keywords = {{JavaScript} (Computer program language), Web applications, Web-based user interfaces, Web site development}
}

@misc{facebook_inc._react_2016,
	title = {React - A {JavaScript} library for building user interfaces},
	url = {https://facebook.github.io/react/},
	author = {{Facebook Inc.}},
	date = {2016}
}

@misc{hunt_why_2013,
	title = {Why did we build React?},
	url = {https://facebook.github.io/react/blog/2013/06/05/why-react.html},
	author = {Hunt, Pete},
	date = {2013-06}
}

@misc{facebook_inc._introducing_2016,
	title = {Introducing {JSX}},
	url = {https://facebook.github.io/react/docs/introducing-jsx.html},
	author = {{Facebook Inc.}},
	date = {2016}
}