@book{facebook_inc._react_2016,
	title = {React - A {JavaScript} library for building user interfaces},
	url = {https://facebook.github.io/react/},
	author = {{Facebook Inc.}},
	date = {2016}
}


@book{facebook_inc._start_2017,
    title = {Getting Started},
    url = {https://facebook.github.io/react-native/docs/getting-started.html},
    author = {{Facebook Inc.}},
    date = {2017}
}

@book{pusic_crop_2017,
    title = {react-native-image-crop-picker},
    url = {https://github.com/ivpusic/react-native-image-crop-picker},
    author = {Pusic, Ivan},
    date = {2017}
}

@book{Vatne_exnavigation_2017,
    title = {ExNavigation},
    url = {https://github.com/exponent/ex-navigation},
    author = {Vatne, Brent},
    date = {2017}
}

@book{Realm_2016,
    title = {Realm -- Build better apps, faster.},
    url = {https://realm.io/},
    author = {{Realm}},
    date = {2016}
}

@book{Realm_Benchmark_2016,
    title = {Realm -- ReactNativeBenchmark},
    url = {https://github.com/realm/realm-js/tree/master/examples/ReactNativeBenchmarks},
    author = {{Realm}},
    date = {2016}
}

